@article{dubey2018investigating,
  title={Investigating human priors for playing video games},
  author={Dubey, Rachit and Agrawal, Pulkit and Pathak, Deepak and Griffiths, Thomas L and Efros, Alexei A},
  journal={arXiv preprint arXiv:1802.10217},
  year={2018}
}

@inproceedings{he2016deep,
  title={Deep residual learning for image recognition},
  author={He, Kaiming and Zhang, Xiangyu and Ren, Shaoqing and Sun, Jian},
  booktitle={Proceedings of the IEEE conference on computer vision and pattern recognition},
  pages={770--778},
  year={2016}
}

@article{ruoss2024grandmaster,
  title={Grandmaster-level chess without search},
  author={Ruoss, Anian and Del{\'e}tang, Gr{\'e}goire and Medapati, Sourabh and Grau-Moya, Jordi and Wenliang, Li Kevin and Catt, Elliot and Reid, John and Genewein, Tim},
  journal={arXiv preprint arXiv:2402.04494},
  year={2024}
}

@software{Enzenberger2011Pentobi,
  author = {Markus Enzenberger},
  title = {Pentobi},
  year = {2011},
  publisher = {GitHub},
  note = {GitHub repository, \url{https://github.com/enz/pentobi}},
}

@software{Vahteristo2024PythonBlokus,
  author = {Ilmari Vahteristo},
  title = {PythonBlokus},
  year = {2024},
  publisher = {GitHub},
  note = {GitHub repository, \url{https://github.com/ilmari99/PythonBlokus}},
}


@article{schulman2017proximal,
  title={Proximal policy optimization algorithms},
  author={Schulman, John and Wolski, Filip and Dhariwal, Prafulla and Radford, Alec and Klimov, Oleg},
  journal={arXiv preprint arXiv:1707.06347},
  year={2017}
}

@book{marsland1991computer,
  title={Computer chess and search},
  author={Marsland, T Anthony},
  year={1991},
  publisher={Department of Computing Science, University of Alberta}
}

@article{schulman2017proximal,
  title={Proximal policy optimization algorithms},
  author={Schulman, John and Wolski, Filip and Dhariwal, Prafulla and Radford, Alec and Klimov, Oleg},
  journal={arXiv preprint arXiv:1707.06347},
  year={2017}
}

@article{browne2012survey,
  title={A survey of monte carlo tree search methods},
  author={Browne, Cameron B and Powley, Edward and Whitehouse, Daniel and Lucas, Simon M and Cowling, Peter I and Rohlfshagen, Philipp and Tavener, Stephen and Perez, Diego and Samothrakis, Spyridon and Colton, Simon},
  journal={IEEE Transactions on Computational Intelligence and AI in games},
  volume={4},
  number={1},
  pages={1--43},
  year={2012},
  publisher={IEEE}
}

@article{dubey2018investigating,
  title={Investigating human priors for playing video games},
  author={Dubey, Rachit and Agrawal, Pulkit and Pathak, Deepak and Griffiths, Thomas L and Efros, Alexei A},
  journal={arXiv preprint arXiv:1802.10217},
  year={2018}
}

@article{konda1999actor,
  title={Actor-critic algorithms},
  author={Konda, Vijay and Tsitsiklis, John},
  journal={Advances in neural information processing systems},
  volume={12},
  year={1999}
}

@inproceedings{zhao2016deep,
  title={Deep reinforcement learning with experience replay based on SARSA},
  author={Zhao, Dongbin and Wang, Haitao and Shao, Kun and Zhu, Yuanheng},
  booktitle={2016 IEEE symposium series on computational intelligence (SSCI)},
  pages={1--6},
  year={2016},
  organization={IEEE}
}

@inproceedings{zhang2021sample,
  title={Sample efficient reinforcement learning with REINFORCE},
  author={Zhang, Junzi and Kim, Jongho and O'Donoghue, Brendan and Boyd, Stephen},
  booktitle={Proceedings of the AAAI conference on artificial intelligence},
  volume={35},
  number={12},
  pages={10887--10895},
  year={2021}
}


@article{bertsekas2011approximate,
  title={Approximate policy iteration: A survey and some new methods},
  author={Bertsekas, Dimitri P},
  journal={Journal of Control Theory and Applications},
  volume={9},
  number={3},
  pages={310--335},
  year={2011},
  publisher={Springer}
}

@article{tamar2016value,
  title={Value iteration networks},
  author={Tamar, Aviv and Wu, Yi and Thomas, Garrett and Levine, Sergey and Abbeel, Pieter},
  journal={Advances in neural information processing systems},
  volume={29},
  year={2016}
}

@article{kiefer1953sequential,
  title={Sequential minimax search for a maximum},
  author={Kiefer, Jack},
  journal={Proceedings of the American mathematical society},
  volume={4},
  number={3},
  pages={502--506},
  year={1953}
}

@article{watkins1992q,
  title={Q-learning},
  author={Watkins, Christopher JCH and Dayan, Peter},
  journal={Machine learning},
  volume={8},
  pages={279--292},
  year={1992},
  publisher={Springer}
}


@article{browne2012survey,
  title={A survey of monte carlo tree search methods},
  author={Browne, Cameron B and Powley, Edward and Whitehouse, Daniel and Lucas, Simon M and Cowling, Peter I and Rohlfshagen, Philipp and Tavener, Stephen and Perez, Diego and Samothrakis, Spyridon and Colton, Simon},
  journal={IEEE Transactions on Computational Intelligence and AI in games},
  volume={4},
  number={1},
  pages={1--43},
  year={2012},
  publisher={IEEE}
}

@article{baker2022video,
  title={Video pretraining (vpt): Learning to act by watching unlabeled online videos},
  author={Baker, Bowen and Akkaya, Ilge and Zhokov, Peter and Huizinga, Joost and Tang, Jie and Ecoffet, Adrien and Houghton, Brandon and Sampedro, Raul and Clune, Jeff},
  journal={Advances in Neural Information Processing Systems},
  volume={35},
  pages={24639--24654},
  year={2022}
}

@inproceedings{badia2020agent57,
  title={Agent57: Outperforming the atari human benchmark},
  author={Badia, Adri{\`a} Puigdom{\`e}nech and Piot, Bilal and Kapturowski, Steven and Sprechmann, Pablo and Vitvitskyi, Alex and Guo, Zhaohan Daniel and Blundell, Charles},
  booktitle={International conference on machine learning},
  pages={507--517},
  year={2020},
  organization={PMLR}
}

@article{tesauro1994td,
  title={TD-Gammon, a self-teaching backgammon program, achieves master-level play},
  author={Tesauro, Gerald},
  journal={Neural computation},
  volume={6},
  number={2},
  pages={215--219},
  year={1994},
  publisher={MIT Press One Rogers Street, Cambridge, MA 02142-1209, USA journals-info~â€¦}
}

@article{sutton1988learning,
  title={Learning to predict by the methods of temporal differences},
  author={Sutton, Richard S},
  journal={Machine learning},
  volume={3},
  pages={9--44},
  year={1988},
  publisher={Springer}
}

@article{mnih2013playing,
  title={Playing atari with deep reinforcement learning},
  author={Mnih, Volodymyr and Kavukcuoglu, Koray and Silver, David and Graves, Alex and Antonoglou, Ioannis and Wierstra, Daan and Riedmiller, Martin},
  journal={arXiv preprint arXiv:1312.5602},
  year={2013}
}

@article{silver2017mastering,
  title={Mastering chess and shogi by self-play with a general reinforcement learning algorithm},
  author={Silver, David and Hubert, Thomas and Schrittwieser, Julian and Antonoglou, Ioannis and Lai, Matthew and Guez, Arthur and Lanctot, Marc and Sifre, Laurent and Kumaran, Dharshan and Graepel, Thore and others},
  journal={arXiv preprint arXiv:1712.01815},
  year={2017}
}

@misc{Authors06,
 author = {Authors},
 title = {The frobnicatable foo filter},
 note = {ECCV06 submission ID 324. Supplied as additional material {\tt eccv06.pdf}},
 year = 2006
}

@misc{Authors06b,
 author = {Authors},
 title = {Frobnication tutorial},
 note = {Supplied as additional material {\tt tr.pdf}},
 year = 2006
}

@article{Alpher02,
author = {A. Alpher},
title = {Frobnication},
journal = {Journal of Foo},
volume = 12, 
number = 1, 
pages = {234--778}, 
year = 2002
}

@article{Alpher03,
author = {A. Alpher and J.~P.~N. Fotheringham-Smythe},
title = {Frobnication revisited},
journal = {Journal of Foo},
volume = 13, 
number = 1, 
pages = {234--778}, 
year = 2003
}

@article{Alpher04,
author = {A. Alpher and J.~P.~N. Fotheringham-Smythe and G. Gamow},
title = {Can a machine frobnicate?},
journal = {Journal of Foo},
volume = 14, 
number = 1, 
pages = {234--778}, 
year = 2004
}

@article{Mermin89,
author = {N. David Mermin},
title = {What's wrong with these equations?},
journal = {Physics Today},
year = 1989,
month = oct,
note = {\small\url{http://www.cvpr.org/doc/mermin.pdf}}
}

@Book{Hartley00,
  author       = "Hartley, R.~I. and Zisserman, A.",
  title        = "Multiple View Geometry in Computer Vision",
  year         = "2000",
  publisher    = "Cambridge University Press, ISBN: 0521623049",
}

@InProceedings{Claus05,
  author       = "Claus, D. and Fitzgibbon, A.~W.",
  title        = "A Rational Function Lens Distortion Model for General
                 Cameras",
  booktitle    = "Proc. CVPR",
  year         = "2005",
  pages        = "213--219",
}

@InProceedings{Zhang96,
  author =	 "Z. Zhang",
  title =	 "On the Epipolar Geometry Between Two Images With
                  Lens Distortion",
  booktitle =	 "Proc. ICPR",
  year =	 "1996",
  pages =	 "407--411",
}

@InProceedings{Fitzgibbon01,
  author       = "Fitzgibbon, A.~W.",
  title        = "Simultaneous Linear Estimation of Multiple View
                 Geometry and Lens Distortion",
  booktitle    = "Proc. CVPR",
  year         = "2001"
}

@article{Brown71,
author = {D.~C. Brown},
title = {Close-range camera calibration},
journal = {Photogrammetric Eng.},
volume = 37,
number = 8,
pages = {855--866}, 
year = 1971
}

@article{Devernay01,
author = {F. Devernay and O. Faugeras},
title = {Straight lines have to be straight},
journal = {MVA},
volume = 13,
pages = {14--24}, 
year = 2001
}

@article{Swaminathan00,
author = {R. Swaminathan and S. Nayar},
title = {Nonmetric calibration of wide-angle lenses and polycameras},
journal = {IEEE T-PAMI},
volume = 22,
number = 10,
pages = {1172--1178}, 
year = 2000
}

@article{dosovitskiy2020image,
  title={An image is worth 16x16 words: Transformers for image recognition at scale},
  author={Dosovitskiy, Alexey},
  journal={arXiv preprint arXiv:2010.11929},
  year={2020}
}

@article{vaswani2017attention,
  title={Attention is all you need},
  author={Vaswani, A},
  journal={Advances in Neural Information Processing Systems},
  year={2017}
}

@article{rolnick2017deep,
  title={Deep learning is robust to massive label noise},
  author={Rolnick, David and Veit, Andreas and Belongie, Serge and Shavit, Nir},
  journal={arXiv preprint arXiv:1705.10694},
  year={2017}
}

@InProceedings{Tsai86,
  author =	 "Tsai, Y.~R.",
  title =	 "An Efficient and Accurate Camera Calibration
                  Technique for {3D} Machine Vision",
  booktitle =	 "Proc. CVPR",
  year =	 "1986",
}

@inproceedings{he2016deep,
  title={Deep residual learning for image recognition},
  author={He, Kaiming and Zhang, Xiangyu and Ren, Shaoqing and Sun, Jian},
  booktitle={Proceedings of the IEEE conference on computer vision and pattern recognition},
  pages={770--778},
  year={2016}
}